<record><leader>00000cas a22000007a 4500</leader><controlfield tag="001">23117139</controlfield><controlfield tag="008">910219d19691978couwr ne      0    0eng d</controlfield><datafield ind1=" " ind2=" " tag="010"><subfield code="a">sn 91052106 </subfield></datafield><datafield ind1=" " ind2=" " tag="040"><subfield code="a">CNQ</subfield><subfield code="b">eng</subfield><subfield code="c">CNQ</subfield><subfield code="d">OCLCQ</subfield></datafield><datafield ind1=" " ind2=" " tag="042"><subfield code="a">msc</subfield></datafield><datafield ind1="0" ind2="4" tag="245"><subfield code="a">The North Fork herald-chronicle.</subfield></datafield><datafield ind1=" " ind2=" " tag="260"><subfield code="a">Hotchkiss, Colo. :</subfield><subfield code="b">Hotchkiss Herald</subfield></datafield><datafield ind1=" " ind2=" " tag="300"><subfield code="a">v.</subfield></datafield><datafield ind1=" " ind2=" " tag="310"><subfield code="a">Weekly</subfield></datafield><datafield ind1="0" ind2=" " tag="362"><subfield code="a">Vol. 58, no. 13 (May 22, 1969)-v. 67, no. 30 (Sept. 14, 1978).</subfield></datafield><datafield ind1=" " ind2=" " tag="752"><subfield code="a">United States</subfield><subfield code="b">Colorado</subfield><subfield code="c">Delta</subfield><subfield code="d">Hotchkiss.</subfield></datafield><datafield ind1="0" ind2="4" tag="780"><subfield code="t">Hotchkiss herald</subfield><subfield code="w">(DLC)sn 86063148</subfield></datafield><datafield ind1="0" ind2="4" tag="780"><subfield code="t">Crawford chronicle</subfield><subfield code="w">(DLC)sn 90051086</subfield></datafield></record>